<?xml version="1.0" encoding="UTF-8"?><collection xmlns="http://www.loc.gov/MARC21/slim"><record><leader>00437nam--2200169-i-4500</leader><controlfield tag="001">000028736</controlfield><controlfield tag="002">20161230</controlfield><controlfield tag="005">20170101233925</controlfield><controlfield tag="008">060222s1000------------r-----000-0-eng-d</controlfield><datafield ind1=" " ind2=" " tag="080"><subfield code="a">621.382.3</subfield></datafield><datafield ind1=" " ind2=" " tag="100"><subfield code="a">Leturcq, Philippe</subfield></datafield><datafield ind1=" " ind2=" " tag="245"><subfield code="a">Theorie approfondie du transistor bipolaire</subfield></datafield><datafield ind1=" " ind2=" " tag="260"><subfield code="a">Paris, Masson Et C-ie, Editeurs,</subfield><subfield code="c">1972</subfield></datafield><datafield ind1=" " ind2=" " tag="300"><subfield code="a">X + 248p</subfield></datafield><datafield ind1=" " ind2=" " tag="700"><subfield code="a">Rey, Gerard</subfield></datafield><datafield ind1=" " ind2=" " tag="852"><subfield code="a">40760</subfield></datafield><datafield ind1=" " ind2=" " tag="CAT"><subfield code="a">SYS</subfield><subfield code="c">20170101</subfield><subfield code="h">233925</subfield></datafield></record></collection>